
@Article{	  turing1936,
  title		= {On computable numbers, with an application to the
		  Entscheidungsproblem},
  author	= {Turing, Alan M. and others},
  journal	= {Journal of Math},
  volume	= {58},
  number	= {345-363},
  pages		= {5},
  year		= {1936},
  publisher	= {Wiley Online Library}
}

@Article{	  turing1992,
  title		= {Collected works of A. M. Turing},
  author	= {Turing, Alan Mathison},
  year		= {1992}
}
