
@Book{		  arora2009,
  title		= {Computational complexity: a modern approach},
  author	= {Arora, Sanjeev and Barak, Boaz},
  year		= {2009},
  publisher	= {Cambridge University Press}
}

@Book{		  charonhudry2019,
  title		= {Introduction {\`a} l'optimisation continue et discr{\`e}te},
  author	= {Charon, Ir{\`e}ne and Hudry, Olivier},
  year		= {2019},
  publisher	= {Lavoisier}
}
