
@Misc{		  chappell2019,
  title		= {Minkowski-Weyl Theorem},
  author	= {Chappell, Nathan},
  year		= {2019},
  school	= {Univerzita Karlova, Matematicko-fyzik{\'a}ln{\'\i} fakulta},
  type		= {Bachelor's thesis}
}

@InBook{	  courant1941,
  title		= {The Jordan Curve Theorem for Polygons},
  booktitle	= {What is Mathematics},
  author	= {R. Courant and H. Robbins},
  year		= {1941},
  publisher	= {Oxford Univ. Press, New York}
}

@Misc{		  gowers2023,
  author	= {Timothy Gowers},
  title		= {Théorie de la complexité},
  year		= {2023},
  journal	= {Collège de France}
}

@Misc{		  gowers2024,
  author	= {Timothy Gowers},
  title		= {Théorie de la complexité II},
  year		= {2024},
  journal	= {Collège de France}
}

@Misc{		  hudry2024,
  author	= {Olivier Hudry},
  title		= {Introduction à la théorie de la NP-complétude},
  year		= {2024},
  journal	= {Télécom Paris}
}

@Misc{		  jordan1893,
  title		= {Cours d'analyse de l'{\'E}cole polytechnique},
  author	= {Jordan, Camille},
  volume	= {1},
  year		= {1893},
  publisher	= {Gauthier-Villars et fils}
}

@Misc{		  wikiproba,
  url		= {https://en.wikipedia.org/wiki/Probabilistic_Turing_machine}
}
